  
@book{Kelley1,
	title={Solving nonlinear equations with Newton's method},
	author={Kelley, Carl T},
	volume={1},
	year={2003},
	publisher={Siam}
}
  
  @book{Kelley2,
  	title={Iterative methods for linear
  	and nonlinear equations},
  	author={Kelley, Carl T},
  	year={1995},
  	publisher={Siam}
  }
  
@article{Forcingterm,
	title={Choosing the forcing terms in an inexact Newton method},
	author={Eisenstat, Stanley C and Walker, Homer F},
	journal={SIAM Journal on Scientific Computing},
	volume={17},
	number={1},
	pages={16--32},
	year={1996},
	publisher={SIAM}
}

@article{GMRES,
	title={GMRES: A generalized minimal residual algorithm for solving nonsymmetric linear systems},
	author={Saad, Youcef and Schultz, Martin H},
	journal={SIAM Journal on scientific and statistical computing},
	volume={7},
	number={3},
	pages={856--869},
	year={1986},
	publisher={SIAM}
}

@article{Emil,
	title={The inexact, inexact perturbed, and quasi-Newton methods are equivalent models},
	author={CÇŽtina{\c{s}}, Emil},
	journal={Mathematics of computation},
	volume={74},
	number={249},
	pages={291--301},
	year={2005}
}

	@article{Saad,
		title={Hybrid Krylov methods for nonlinear systems of equations},
		author={Brown, Peter N and Saad, Youcef},
		journal={SIAM Journal on Scientific and Statistical Computing},
		volume={11},
		number={3},
		pages={450--481},
		year={1990},
		publisher={SIAM}
	}
	
	@article{Powell,
		title={A hybrid method for nonlinear equations},
		author={Powell, Michael JD},
		journal={Numerical methods for nonlinear algebraic equations},
		year={1970},
		publisher={Gordon and Breach}
	}
@article{MAIN,
	title={Globalization technique for projected Newton--Krylov methods},
	author={Chen, Jinhai and Vuik, Cornelis},
	journal={International Journal for Numerical Methods in Engineering},
	volume={110},
	number={7},
	pages={661--674},
	year={2017},
	publisher={Wiley Online Library}
}			
			
	@article{before_MAIN,
		title={On projected Newton--Krylov solvers for instationary laminar reacting gas flows},
		author={van Veldhuizen, S and Vuik, Cornelis and Kleijn, Chris R},
		journal={Journal of Computational Physics},
		volume={229},
		number={5},
		pages={1724--1738},
		year={2010},
		publisher={Elsevier}
	}
	
	@article{Calamai,
		title={Projected gradient methods for linearly constrained problems},
		author={Calamai, Paul H and Mor{\'e}, Jorge J},
		journal={Mathematical programming},
		volume={39},
		number={1},
		pages={93--116},
		year={1987},
		publisher={Springer}
	}
	
	@article{Gafni,
		title={Convergence of a gradient projection method},
		author={Gafni, Eli M and Bertsekas, Dimitri P and others},
		year={1982},
		publisher={Laboratory for Information and Decision Systems}
	}
@article{Gafni2,
	title={Two-metric projection methods for constrained optimization},
	author={Gafni, Eli M and Bertsekas, Dimitri P},
	journal={SIAM Journal on Control and Optimization},
	volume={22},
	number={6},
	pages={936--964},
	year={1984},
	publisher={SIAM}
}
@article{Schubert,
	title={Modification of a quasi-Newton method for nonlinear equations with a sparse Jacobian},
	author={Schubert, LK},
	journal={Mathematics of Computation},
	volume={24},
	number={109},
	pages={27--30},
	year={1970}
}

@article{p4est,
  title={p4est: Scalable algorithms for parallel adaptive mesh refinement on forests of octrees},
  author={Burstedde, Carsten and Wilcox, Lucas C and Ghattas, Omar},
  journal={SIAM Journal on Scientific Computing},
  volume={33},
  number={3},
  pages={1103--1133},
  year={2011},
  publisher={SIAM}
}
